  @Manual{RCoreTeam,
    title = {R: A Language and Environment for Statistical Computing},
    author = {{R Core Team}},
    organization = {R Foundation for Statistical Computing},
    address = {Vienna, Austria},
    year = {2023},
    url = {https://www.R-project.org/},
  }
  
  @article{wickham2019welcome,
  title={Welcome to the Tidyverse},
  author={Wickham, Hadley and Averick, Mara and Bryan, Jennifer and Chang, Winston and McGowan, Lucy D'Agostino and Fran{\c{c}}ois, Romain and Grolemund, Garrett and Hayes, Alex and Henry, Lionel and Hester, Jim and others},
  journal={Journal of open source software},
  volume={4},
  number={43},
  pages={1686},
  year={2019}
}

@article{theriault2024check,
  title={Check your outliers﻿! An introduction to identifying statistical outliers in R with easystats},
  author={Th{\'e}riault, R{\'e}mi and Ben-Shachar, Mattan S and Patil, Indrajeet and L{\"u}decke, Daniel and Wiernik, Brenton M and Makowski, Dominique},
  journal={Behavior Research Methods},
  volume={56},
  number={4},
  pages={4162--4172},
  year={2024},
  publisher={Springer}
}

@article{ludecke2021performance,
  title={performance: An R package for assessment, comparison and testing of statistical models},
  author={L{\"u}decke, Daniel and Ben-Shachar, Mattan S and Patil, Indrajeet and Waggoner, Philip and Makowski, Dominique},
  journal={Journal of Open Source Software},
  volume={6},
  number={60},
  year={2021}
}

@article{ludecke2020extracting,
  title={Extracting, computing and exploring the parameters of statistical models using R},
  author={L{\"u}decke, Daniel and Ben-Shachar, Mattan S and Patil, Indrajeet and Makowski, Dominique},
  journal={Journal of Open Source Software},
  volume={5},
  number={53},
  pages={2445},
  year={2020}
}

@article{ludecke2019insight,
  title={Insight: A unified interface to access information from model objects in R},
  author={L{\"u}decke, Daniel and Waggoner, Philip D and Makowski, Dominique},
  journal={Journal of Open Source Software},
  volume={4},
  number={38},
  pages={1412},
  year={2019}
}

@article{patil2022datawizard,
  title={datawizard: An R package for easy data preparation and statistical transformations},
  author={Patil, Indrajeet and Makowski, Dominique and Ben-Shachar, Mattan S and Wiernik, Brenton M and Bacher, Etienne and L{\"u}decke, Daniel},
  journal={Journal of Open Source Software},
  volume={7},
  number={78},
  pages={4684},
  year={2022}
}

@article{beck1996beck,
  title={Beck depression inventory},
  author={Beck, Aaron T and Steer, Robert A and Brown, Gregory K and others},
  year={1996},
  publisher={Springer}
}

@article{zsido2020development,
  title={Development of the short version of the spielberger state—trait anxiety inventory},
  author={Zsido, Andras N and Teleki, Szidalisz A and Csokasi, Krisztina and Rozsa, Sandor and Bandi, Szabolcs A},
  journal={Psychiatry research},
  volume={291},
  pages={113223},
  year={2020},
  publisher={Elsevier}
}

@article{peer2022data,
  title     = {Data quality of platforms and panels for online behavioral research},
  author    = {Peer, Eyal and Rothschild, David and Gordon, Andrew and Evernden, Zak and Damer, Ekaterina},
  journal   = {Behavior Research Methods},
  volume    = {54},
  number    = {4},
  pages     = {1643--1662},
  year      = {2022},
  publisher = {Springer}
}
@article{kroenke2009ultra,
  title     = {An ultra-brief screening scale for anxiety and depression: the PHQ--4},
  author    = {Kroenke, Kurt and Spitzer, Robert L and Williams, Janet BW and L{\"o}we, Bernd},
  journal   = {Psychosomatics},
  volume    = {50},
  number    = {6},
  pages     = {613--621},
  year      = {2009},
  publisher = {Elsevier}
}

@article{lowe20104,
  title     = {A 4-item measure of depression and anxiety: validation and standardization of the Patient Health Questionnaire-4 (PHQ-4) in the general population},
  author    = {L{\"o}we, Bernd and Wahl, Inka and Rose, Matthias and Spitzer, Carsten and Glaesmer, Heide and Wingenfeld, Katja and Schneider, Antonius and Br{\"a}hler, Elmar},
  journal   = {Journal of affective disorders},
  volume    = {122},
  number    = {1-2},
  pages     = {86--95},
  year      = {2010},
  publisher = {Elsevier}
}

@article{christodoulaki2022validation,
  title     = {Validation of the Patient Health Questionnaire-4 (PHQ-4) to screen for depression and anxiety in the Greek general population},
  author    = {Christodoulaki, Anna and Baralou, Valia and Konstantakopoulos, George and Touloumi, Giota},
  journal   = {Journal of Psychosomatic Research},
  volume    = {160},
  pages     = {110970},
  year      = {2022},
  publisher = {Elsevier}
}

@article{hajek2020prevalence,
  title     = {Prevalence and correlates of individuals screening positive for depression and anxiety on the phq-4 in the German general population: findings from the nationally representative German socio-economic panel (GSOEP)},
  author    = {Hajek, Andr{\'e} and K{\"o}nig, Hans-Helmut},
  journal   = {International journal of environmental research and public health},
  volume    = {17},
  number    = {21},
  pages     = {7865},
  year      = {2020},
  publisher = {MDPI}
}

@article{mendoza2022factor,
  title     = {The factor structure and measurement invariance of the PHQ-4 and the prevalence of depression and anxiety in a Southeast Asian context amid the COVID-19 pandemic},
  author    = {Mendoza, Norman B and Frondozo, Cherry E and Dizon, John Ian Wilzon T and Buenconsejo, Jet U},
  journal   = {Current Psychology},
  pages     = {1--10},
  year      = {2022},
  publisher = {Springer}
}

@article{materu2020psychometric,
  title     = {The psychometric properties of PHQ-4 anxiety and depression screening scale among out of school adolescent girls and young women in Tanzania: a cross-sectional study},
  author    = {Materu, Jacqueline and Kuringe, Evodius and Nyato, Daniel and Galishi, Anthony and Mwanamsangu, Amasha and Katebalila, Maligo and Shao, Amani and Changalucha, John and Nnko, Soori and Wambura, Mwita},
  journal   = {BMC psychiatry},
  volume    = {20},
  number    = {1},
  pages     = {1--8},
  year      = {2020},
  publisher = {BioMed Central}
}

@article{maurer2018depression,
  title   = {Depression: screening and diagnosis},
  author  = {Maurer, Douglas M and Raymond, Tyler J and Davis, Bethany N},
  journal = {American family physician},
  volume  = {98},
  number  = {8},
  pages   = {508--515},
  year    = {2018}
}

@article{dobson1979equidistant,
  title     = {Equidistant categorical labels for construction of Likert-type scales},
  author    = {Dobson, Keith S and Mothersill, Kerry J},
  journal   = {Perceptual and Motor Skills},
  volume    = {49},
  number    = {2},
  pages     = {575--580},
  year      = {1979},
  publisher = {SAGE Publications Sage CA: Los Angeles, CA}
}

@incollection{samejima1997graded,
  title     = {Graded response model},
  author    = {Samejima, Fumiko},
  booktitle = {Handbook of modern item response theory},
  pages     = {85--100},
  year      = {1997},
  publisher = {Springer}
}

@article{kroenke2003patient,
  title     = {The Patient Health Questionnaire-2: validity of a two-item depression screener},
  author    = {Kroenke, Kurt and Spitzer, Robert L and Williams, Janet BW},
  journal   = {Medical care},
  pages     = {1284--1292},
  year      = {2003},
  publisher = {JSTOR}
}

@article{kroenke2007anxiety,
  title     = {Anxiety disorders in primary care: prevalence, impairment, comorbidity, and detection},
  author    = {Kroenke, Kurt and Spitzer, Robert L and Williams, Janet BW and Monahan, Patrick O and L{\"o}we, Bernd},
  journal   = {Annals of internal medicine},
  volume    = {146},
  number    = {5},
  pages     = {317--325},
  year      = {2007},
  publisher = {American College of Physicians}
}

@article{murphy2020testing,
  title={Testing the independence of self-reported interoceptive accuracy and attention},
  author={Murphy, Jennifer and Brewer, Rebecca and Plans, David and Khalsa, Sahib S and Catmur, Caroline and Bird, Geoffrey},
  journal={Quarterly Journal of Experimental Psychology},
  volume={73},
  number={1},
  pages={115--133},
  year={2020},
  publisher={Sage Publications Sage UK: London, England}
}

@article{mehling2018multidimensional,
  title={The multidimensional assessment of interoceptive awareness, version 2 (MAIA-2)},
  author={Mehling, Wolf E and Acree, Michael and Stewart, Anita and Silas, Jonathan and Jones, Alexander},
  journal={PloS one},
  volume={13},
  number={12},
  pages={e0208034},
  year={2018},
  publisher={Public Library of Science San Francisco, CA USA}
}

@article{de2015jspsych,
  title     = {jsPsych: A JavaScript library for creating behavioral experiments in a Web browser},
  author    = {De Leeuw, Joshua R},
  journal   = {Behavior research methods},
  volume    = {47},
  number    = {1},
  pages     = {1--12},
  year      = {2015},
  publisher = {Springer}
}

@article{spielberger1970manual,
  title={Manual for the State-Trait Anxiety Inventory (self-evaluation questionnaire)},
  author={Spielberger, Charles Donald},
  journal={(No Title)},
  year={1970}
}

@Manual{moreyrouder2024,
    title = {BayesFactor: Computation of Bayes Factors for Common Designs},
    author = {Richard D. Morey and Jeffrey N. Rouder},
    year = {2024},
    note = {R package version 0.9.12-4.7},
    url = {https://CRAN.R-project.org/package=BayesFactor},
  }